<record><leader>00000cas a22000007a 4500</leader><controlfield tag="001">11388549</controlfield><controlfield tag="008">841115d18521852wiuwr ne      0   a0eng d</controlfield><controlfield tag="009">3770</controlfield><datafield ind1=" " ind2=" " tag="010"><subfield code="a">sn 84025095 </subfield></datafield><datafield ind1=" " ind2=" " tag="040"><subfield code="a">NPV</subfield><subfield code="b">eng</subfield><subfield code="c">NPV</subfield><subfield code="d">DLC</subfield><subfield code="d">NVF</subfield></datafield><datafield ind1="1" ind2=" " tag="029"><subfield code="a">AU@</subfield><subfield code="b">000025835205</subfield></datafield><datafield ind1=" " ind2=" " tag="042"><subfield code="a">msc</subfield></datafield><datafield ind1=" " ind2=" " tag="043"><subfield code="a">n-us-wi</subfield></datafield><datafield ind1=" " ind2=" " tag="045"><subfield code="a">w5w5</subfield></datafield><datafield ind1="0" ind2="0" tag="050"><subfield code="a">Newspaper 10216-X</subfield></datafield><datafield ind1=" " ind2=" " tag="052"><subfield code="a">4123</subfield><subfield code="b">D3</subfield></datafield><datafield ind1="0" ind2="0" tag="245"><subfield code="a">Wisconsin state palladium.</subfield></datafield><datafield ind1="1" ind2="3" tag="246"><subfield code="a">Palladium</subfield></datafield><datafield ind1=" " ind2=" " tag="260"><subfield code="a">Madison, Wis. :</subfield><subfield code="b">Atwood, Wyman &amp; Buck,</subfield><subfield code="c">1852.</subfield></datafield><datafield ind1=" " ind2=" " tag="300"><subfield code="a">1 v. :</subfield><subfield code="b">ill. (chiefly advertisements) ;</subfield><subfield code="c">68 cm.</subfield></datafield><datafield ind1=" " ind2=" " tag="310"><subfield code="a">Weekly</subfield></datafield><datafield ind1="0" ind2=" " tag="362"><subfield code="a">Vol. 1, no. 1 (June 10, 1852)-v. 1, no. 11 (Aug. 17, 1852).</subfield></datafield><datafield ind1=" " ind2=" " tag="530"><subfield code="a">Also available on microfilm from The State Historical Society of Wisconsin.</subfield></datafield><datafield ind1=" " ind2=" " tag="752"><subfield code="a">United States</subfield><subfield code="b">Wisconsin</subfield><subfield code="c">Dane</subfield><subfield code="d">Madison.</subfield></datafield><datafield ind1="0" ind2=" " tag="775"><subfield code="t">Wisconsin daily palladium</subfield><subfield code="w">(DLC)sn 85040401</subfield></datafield><datafield ind1="0" ind2="4" tag="780"><subfield code="t">Wisconsin express</subfield><subfield code="w">(DLC)sn 84025094</subfield></datafield><datafield ind1="0" ind2="4" tag="780"><subfield code="t">Wisconsin statesman (Madison, Wis. : 1850)</subfield><subfield code="w">(DLC)sn 84025093</subfield></datafield><datafield ind1="0" ind2="0" tag="785"><subfield code="t">Wisconsin state palladium &amp; statesman</subfield><subfield code="w">(DLC)sn 85040097</subfield></datafield></record>